IEEEexample.bib 
\bibliographystyle{./IEEEtran}
\bibliography{./IEEEabrv,./IEEEexample}

note: double {{}} are needed so the title next is not converted into lowercase

@ARTICLE{HyperbolicGeoNetworks,
       Author = {Krioukov, D. and Papadopoulos, F. and Kitsak, M. and Vahdat, A. and Boguñá, M.}, 
       Title = {{Hyperbolic Geometry of Complex Networks}},
       Journal = {Physical Review E}, 
       Volume = {82},
       Number = {036106},
       Month = {Oct},
       Year = {2010},
       Keywords = {routing   topology   network geometry}
}
