IEEEexample.bib 
\bibliographystyle{./IEEEtran}
\bibliography{./IEEEabrv,./IEEEexample}

note: double {{}} are needed so the title next is not converted into lowercase

@ARTICLE{HyperbolicGeoNetworks,
       Author = {Krioukov, D. and Papadopoulos, F. and Kitsak, M. and Vahdat, A. and Boguñá, M.}, 
       Title = {{Hyperbolic Geometry of Complex Networks}},
       Journal = {Physical Review E}, 
       Volume = {82},
       Number = {036106},
       Month = {Oct},
       Year = {2010},
       Keywords = {routing   topology   network geometry}
}

@ARTICLE{MolnarOnburst,
    Author = {Sándor Molnár and György Miklós},
    Title = {On Burst And Correlation Structure of Teletraffic Models},
    Journal = {{5th IFIP Workshop on Performance Modelling and Evaluation of ATM Networks}}, 
    Month = {July},
    Year = {1997}
}
